<?xml version="1.0" encoding="UTF-8"?><collection xmlns="http://www.loc.gov/MARC21/slim"><record><leader>00415nam--2200133-i-4500</leader><controlfield tag="001">000002397</controlfield><controlfield tag="002">20161230</controlfield><controlfield tag="005">20161230201025</controlfield><controlfield tag="008">060222s1000------------r-----000-0-eng-d</controlfield><datafield ind1=" " ind2=" " tag="100"><subfield code="a">Fey, Peter</subfield></datafield><datafield ind1=" " ind2=" " tag="245"><subfield code="a">Informationstheorie. einfuhrung in die statistische theorie der elektrischen nachrichtenubertragung</subfield></datafield><datafield ind1=" " ind2=" " tag="260"><subfield code="a">Berlin, Akademi-verlag, 1963. 217 P</subfield></datafield><datafield ind1=" " ind2=" " tag="490"><subfield code="a">Elektronisches Rechnen Und Regeln</subfield></datafield><datafield ind1=" " ind2=" " tag="852"><subfield code="a">3815</subfield></datafield></record></collection>